<record><leader>00000cas a22000007a 4500</leader><controlfield tag="001">754662379</controlfield><controlfield tag="008">110926c20119999iludn ne      |   a0eng  </controlfield><datafield ind1=" " ind2=" " tag="010"><subfield code="a">  2011202400</subfield></datafield><datafield ind1=" " ind2=" " tag="040"><subfield code="a">IAD</subfield><subfield code="b">eng</subfield><subfield code="c">IAD</subfield><subfield code="d">IAD</subfield><subfield code="d">DLC</subfield><subfield code="d">OCLCQ</subfield><subfield code="d">OCLCF</subfield></datafield><datafield ind1=" " ind2=" " tag="012"><subfield code="m">1</subfield></datafield><datafield ind1="0" ind2=" " tag="022"><subfield code="a">2163-971X</subfield><subfield code="2">1</subfield></datafield><datafield ind1=" " ind2=" " tag="032"><subfield code="a">143600</subfield><subfield code="b">USPS</subfield></datafield><datafield ind1=" " ind2=" " tag="037"><subfield code="b">Lee Publications, Inc., 700 Broadway Ave., E., Suite 9A, Mattoon, IL 61938</subfield><subfield code="c">$179.40 (per yr.)</subfield></datafield><datafield ind1=" " ind2=" " tag="042"><subfield code="a">pcc</subfield><subfield code="a">nsdp</subfield></datafield><datafield ind1=" " ind2=" " tag="043"><subfield code="a">n-us-il</subfield></datafield><datafield ind1="1" ind2="0" tag="050"><subfield code="a">ISSN RECORD</subfield></datafield><datafield ind1="1" ind2="0" tag="082"><subfield code="a">070</subfield><subfield code="2">14</subfield></datafield><datafield ind1=" " ind2="0" tag="222"><subfield code="a">JG-TC</subfield></datafield><datafield ind1="0" ind2="0" tag="245"><subfield code="a">JG-TC :</subfield><subfield code="b">Journal gazette &amp; Times-courier.</subfield></datafield><datafield ind1="3" ind2=" " tag="246"><subfield code="a">Journal gazette</subfield></datafield><datafield ind1="3" ind2=" " tag="246"><subfield code="a">Times-courier</subfield></datafield><datafield ind1=" " ind2=" " tag="260"><subfield code="a">Mattoon, Ill. :</subfield><subfield code="b">Lee Publications,</subfield><subfield code="c">2011-</subfield></datafield><datafield ind1=" " ind2=" " tag="300"><subfield code="a">v.</subfield></datafield><datafield ind1=" " ind2=" " tag="310"><subfield code="a">Daily (except major holidays). Sunday edition combined with Herald &amp; review (Decatur, Ill.)</subfield></datafield><datafield ind1="0" ind2=" " tag="362"><subfield code="a">134th year, no. 211 (Sept. 26, 2011)-</subfield></datafield><datafield ind1=" " ind2=" " tag="500"><subfield code="a">"Serving Charleston, Mattoon &amp; surrounding areas."</subfield></datafield><datafield ind1=" " ind2=" " tag="580"><subfield code="a">Formed by merger of: Journal gazette (Mattoon, Ill.) and Times-courier (Charleston, Ill.).</subfield></datafield><datafield ind1=" " ind2=" " tag="588"><subfield code="a">Latest issue consulted: Sept. 8, 2011 (surrogate).</subfield></datafield><datafield ind1=" " ind2="0" tag="651"><subfield code="a">Charleston (Ill.)</subfield><subfield code="v">Newspapers.</subfield></datafield><datafield ind1=" " ind2="0" tag="651"><subfield code="a">Mattoon (Ill.)</subfield><subfield code="v">Newspapers.</subfield></datafield><datafield ind1=" " ind2="0" tag="651"><subfield code="a">Coles County (Ill.)</subfield><subfield code="v">Newspapers.</subfield></datafield><datafield ind1=" " ind2="7" tag="655"><subfield code="a">Newspapers.</subfield><subfield code="2">fast</subfield><subfield code="0">(OCoLC)fst01423814</subfield></datafield><datafield ind1=" " ind2="7" tag="651"><subfield code="a">Illinois</subfield><subfield code="z">Charleston.</subfield><subfield code="2">fast</subfield><subfield code="0">(OCoLC)fst01205861</subfield></datafield><datafield ind1=" " ind2="7" tag="651"><subfield code="a">Illinois</subfield><subfield code="z">Coles County.</subfield><subfield code="2">fast</subfield><subfield code="0">(OCoLC)fst01213381</subfield></datafield><datafield ind1=" " ind2="7" tag="651"><subfield code="a">Illinois</subfield><subfield code="z">Mattoon.</subfield><subfield code="2">fast</subfield><subfield code="0">(OCoLC)fst01217883</subfield></datafield><datafield ind1=" " ind2=" " tag="752"><subfield code="a">United States</subfield><subfield code="b">Illinois</subfield><subfield code="c">Coles</subfield><subfield code="d">Charleston.</subfield></datafield><datafield ind1="1" ind2="4" tag="780"><subfield code="t">Times-courier (Charleston, Ill.)</subfield><subfield code="w">(DLC)sn 90054893</subfield><subfield code="w">(OCoLC)20982178</subfield></datafield><datafield ind1="1" ind2="4" tag="780"><subfield code="t">Journal gazette (Mattoon, Ill. : 1991)</subfield><subfield code="w">(DLC)sn 96071079</subfield><subfield code="w">(OCoLC)36077786</subfield></datafield></record>